<?xml version="1.0" encoding="UTF-8"?><record xmlns="http://www.loc.gov/MARC21/slim" xmlns:cinclude="http://apache.org/cocoon/include/1.0" xmlns:zs="http://www.loc.gov/zing/srw/">
  <leader>00435nz  a2200133n  4500</leader>
  <controlfield tag="001">n 2006058764</controlfield>
  <controlfield tag="003">DLC</controlfield>
  <controlfield tag="005">20060731135025.0</controlfield>
  <controlfield tag="008">060731n| acannaabn          |a aaa      </controlfield>
  <datafield tag="010" ind1=" " ind2=" ">
    <subfield code="a">n 2006058764</subfield>
  </datafield>
  <datafield tag="040" ind1=" " ind2=" ">
    <subfield code="a">DLC</subfield>
    <subfield code="b">eng</subfield>
    <subfield code="c">DLC</subfield>
  </datafield>
  <datafield tag="100" ind1="1" ind2=" ">
    <subfield code="a">Nguyẽ̂n, Bá̆c.</subfield>
    <subfield code="t">Giữa thành phó̂ bị chié̂m.</subfield>
    <subfield code="l">French</subfield>
  </datafield>
  <datafield tag="400" ind1="1" ind2=" ">
    <subfield code="a">Nguyẽ̂n, Bá̆c.</subfield>
    <subfield code="t">Au cœur de la ville captive</subfield>
  </datafield>
  <datafield tag="670" ind1=" " ind2=" ">
    <subfield code="a">Nguyẽ̂n, Bá̆c. Au cœur de la ville captive, c2004.</subfield>
  </datafield>
</record>